@Book{boas2006mathematical,
 author = {Boas, Mary},
 title = {Mathematical methods in the physical sciences},
 publisher = {Wiley},
 year = {2006},
 address = {Hoboken, NJ},
 isbn = {9780471198260}
 }
 
 @Book{thornton2004classical,
 author = {Thornton, Stephen},
 title = {Classical dynamics of particles and systems},
 publisher = {Brooks/Cole},
 year = {2004},
 address = {Belmont, CA},
 isbn = {0534408966}
 }
 
 @Book{griffiths2017introduction,
 author = {Griffiths, David},
 title = {Introduction to electrodynamics},
 publisher = {Cambridge University Press},
 year = {2017},
 address = {Cambridge, United Kingdom New York, NY},
 isbn = {1108420419}
 }
 
 @Book{eisberg1979fisica,
 author = {Eisberg, Robert},
 title = {Fisica quantica : atomos, moleculas, solidos, nucleos e particulas},
 publisher = {Elsevier},
 year = {1979},
 address = {Rio de Janeiro (RJ},
 isbn = {8570013094}
 }
 
 @Book{sadhu2019elements,
 author = {SADHU, PRADIP},
 title = {ELEMENTS OF ELECTRICAL MACHINES},
 publisher = {CBS Publishers \& DISTRIBU},
 year = {2019},
 address = {Place of publication not identified},
 isbn = {9389396204}
 }
 
 @Book{jackson1999classical,
 author = {Jackson, John},
 title = {Classical electrodynamics},
 publisher = {Wiley},
 year = {1999},
 address = {New York},
 isbn = {9780471309321}
 }
 
 @Book{ness1983understanding,
 author = {Ness, H. C.},
 title = {Understanding thermodynamics},
 publisher = {Dover Publications, Inc},
 year = {1983},
 address = {New York},
 isbn = {0486632776}
 }
 
 @book{johntaylor2005,
 Author = {John R. Taylor},
 title = {Classical Mechanics},
 description = {Classical Mechanics (Book, 2005)},
 publisher = {University Science Books},
 interhash = {f42cf6d38d81ab84e218b44cd73c931d},
 intrahash = {99eb8216cc3c36154c37770a37ced3bd},
 year = {2005},
 month = {jan},
 isbn = {189138922X},
 url = {https://www.xarg.org/ref/a/189138922X/}
}