@Book{Moyses1,
    author={Nussenzveig, Moyses},
    title={FÃ­sica 1},
    year={2010}
}

@book{johntaylor2005,
 Author = {John R. Taylor},
 title = {Classical Mechanics},
 description = {Classical Mechanics (Book, 2005)},
 publisher = {University Science Books},
 interhash = {f42cf6d38d81ab84e218b44cd73c931d},
 intrahash = {99eb8216cc3c36154c37770a37ced3bd},
 year = {2005},
 month = {jan},
 isbn = {189138922X},
 url = {https://www.xarg.org/ref/a/189138922X/}
}